@article{ yfcc100m,
author = {B. Thomee and B. Elizalde and D. Shamma and K. Ni and G. Friedland and D. Poland and D. Borth and L.-J. Li},
year = {2016},
month = {January},
pages = {64-73},
title = {{YFCC100M}: the new data in multimedia research},
volume = {59},
journal = {Communications of the ACM},
doi = {10.1145/2812802}
}

@inproceedings{ 2008-paper,
 author = {A. D. Ker and T. Pevn\'{y} and J. Kodovsk\'{y} and J. Fridrich},
 title = {The Square Root Law of Steganographic Capacity},
 booktitle = {Proceedings of the 10th ACM Workshop on Multimedia and Security},
 series = {MM\&Sec '08},
 year = {2008},
 isbn = {978-1-60558-058-6},
 location = {Oxford, United Kingdom},
 pages = {107-116},
 numpages = {10},
 url = {http://doi.acm.org/10.1145/1411328.1411349},
 doi = {10.1145/1411328.1411349},
 acmid = {1411349},
 publisher = {ACM},
 address = {New York, NY, USA},
}
